@misc{modmulproof,
author="Simon Lindholm",
title="Correctness of {KACTL's} modmul",
year="2020",
howpublished="\url{https://github.com/kth-competitive-programming/kactl/blob/master/doc/modmul-proof.tex}",
}

